%===============================================================================
% Sample bibliopgraphy file for ifaconf.bst style to be used in
% IFAC meeting papers
% Copyright (c) 2007-2008 International Federation of Automatic Control
%===============================================================================

###### BELOW

@book{Evans:93,
    title = {Partial Differential Equations},
    author = {Lawrence C. Evans},
    publisher = {American Mathematical Society},
    year = {1993},
    volume = {19}
}

@book{Katsi:16,
    title = {The Boundary Element Method for Engineers and Scientist},
    author = {John T. Katsikadelis},
    publisher = {Academic Press},
    year = {2016},
    edition = {2}
}

@article{Mola:18,
    author = {Andrea Mola and Nicola Giuliani and Luca Heltai} ,
    title = {$\pi$-\texttt{BEM}: A flexible parallel implementation for adaptive, geometry aware, and high order boundary element methods},
    journal = {Advances in Engineering Software},
    year = {2018},
    volume = {121},
    pages = {39--58}
}

@article{Liu:11,
    author = {Y. J. Liu and S. Mukherjee and N. Nishimura and M. Schanz and W. Ye and A. Sutradhar and E. Pan and A. Dumont and A. Frangi and A. Saez} ,
    title = {Recent Advances and Emerging Applications of the Boundary Element Method},
    journal = {Applied Mechanics Reviews},
    year = {2011},
    volume = {64}
}